

@article {Brion_Picard,
    AUTHOR = {Brion, Michel},
     TITLE = {Which algebraic groups are {P}icard varieties?},
   JOURNAL = {Sci. China Math.},
   SHORTHAND = {Brion\_Picard},
  FJOURNAL = {Science China. Mathematics},
    VOLUME = {58},
      YEAR = {2015},
    NUMBER = {3},
     PAGES = {461--478},
      ISSN = {1674-7283},
   MRCLASS = {14K30 (14L15 14L30)},
  MRNUMBER = {3319917},
MRREVIEWER = {Lei Yang},
       DOI = {10.1007/s11425-014-4882-3},
       URL = {http://dx.doi.org/10.1007/s11425-014-4882-3},
}

@book {Gille_Szamuely,
    AUTHOR = {Gille, Philippe and Szamuely, Tam\'as},
     TITLE = {Central simple algebras and {G}alois cohomology},
     SHORTHAND = {Gille\_Szamuely},
    SERIES = {Cambridge Studies in Advanced Mathematics},
    VOLUME = {101},
 PUBLISHER = {Cambridge University Press, Cambridge},
      YEAR = {2006},
     PAGES = {xii+343},
      ISBN = {978-0-521-86103-8; 0-521-86103-9},
   MRCLASS = {16K20 (14F22 19C30)},
  MRNUMBER = {2266528},
MRREVIEWER = {Gr\~A\copyright{}gory Berhuy},
       DOI = {10.1017/CBO9780511607219},
       URL = {http://dx.doi.org/10.1017/CBO9780511607219},
}
		

@incollection {Kleiman_Picard,
    AUTHOR = {Kleiman, Steven L.},
    SHORTHAND = {Kleiman\_Picard},
     TITLE = {The {P}icard scheme},
 BOOKTITLE = {Fundamental algebraic geometry},
    SERIES = {Math. Surveys Monogr.},
    VOLUME = {123},
     PAGES = {235--321},
 PUBLISHER = {Amer. Math. Soc., Providence, RI},
      YEAR = {2005},
   MRCLASS = {14C22},
  MRNUMBER = {2223410},
}
		

@book {Liu,
    AUTHOR = {Liu, Qing},
     TITLE = {Algebraic geometry and arithmetic curves},
     SHORTHAND = {Liu},
    SERIES = {Oxford Graduate Texts in Mathematics},
    VOLUME = {6},
      NOTE = {Translated from the French by Reinie Ern{\'e},
              Oxford Science Publications},
 PUBLISHER = {Oxford University Press, Oxford},
      YEAR = {2002},
     PAGES = {xvi+576},
   MRCLASS = {14-01 (11G30 14A05 14A15 14Gxx 14Hxx)},
  MRNUMBER = {1917232},
MRREVIEWER = {C{\'{\i}}cero Fernandes de Carvalho},
}

@incollection {Artin_resolution,
    AUTHOR = {Artin, M.},
     TITLE = {Lipman's proof of resolution of singularities for surfaces},
     SHORTHAND = {Artin\_resolution},
 BOOKTITLE = {Arithmetic geometry ({S}torrs, {C}onn., 1984)},
     PAGES = {267--287},
 PUBLISHER = {Springer, New York},
      YEAR = {1986},
   MRCLASS = {14J17 (14E15)},
  MRNUMBER = {861980},
}
		

@book {Badescu,
    AUTHOR = {B\u adescu, Lucian},
    SHORTHAND = {Badescu},
     TITLE = {Algebraic surfaces},
    SERIES = {Universitext},
      NOTE = {Translated from the 1981 Romanian original by Vladimir Ma\c sek
              and revised by the author},
 PUBLISHER = {Springer-Verlag, New York},
      YEAR = 2001,
     PAGES = {xii+258},
      ISBN = {0-387-98668-5},
   MRCLASS = {14J10 (14-01 14J17)},
  MRNUMBER = 1805816,
MRREVIEWER = {Marco Andreatta},
       DOI = {10.1007/978-1-4757-3512-3},
       URL = {http://dx.doi.org/10.1007/978-1-4757-3512-3},
}

@article {Schroer,
    AUTHOR = {Schr\"oer, Stefan},
    SHORTHAND = {Schroer},
     TITLE = {On non-projective normal surfaces},
   JOURNAL = {Manuscripta Math.},
  FJOURNAL = {Manuscripta Mathematica},
    VOLUME = {100},
      YEAR = {1999},
    NUMBER = {3},
     PAGES = {317--321},
      ISSN = {0025-2611},
   MRCLASS = {14J99 (14C20)},
  MRNUMBER = {1726231},
MRREVIEWER = {Kristian Ranestad},
       DOI = {10.1007/s002290050203},
       URL = {http://dx.doi.org/10.1007/s002290050203},
}

@article {Hauser,
    AUTHOR = {Faber, E. and Hauser, H.},
     TITLE = {Today's menu: geometry and resolution of singular algebraic
              surfaces},
     SHORTHAND = {Hauser},
   JOURNAL = {Bull. Amer. Math. Soc. (N.S.)},
  FJOURNAL = {American Mathematical Society. Bulletin. New Series},
    VOLUME = {47},
      YEAR = {2010},
    NUMBER = {3},
     PAGES = {373--417},
      ISSN = {0273-0979},
   MRCLASS = {14E15 (32S45)},
  MRNUMBER = {2651084},
MRREVIEWER = {Santiago Encinas},
       DOI = {10.1090/S0273-0979-10-01295-4},
       URL = {http://dx.doi.org/10.1090/S0273-0979-10-01295-4},
}

@book {Kollar,
    AUTHOR = {Koll\'ar, J\'anos},
     TITLE = {Lectures on resolution of singularities},
     SHORTHAND = {Kollar},
    SERIES = {Annals of Mathematics Studies},
    VOLUME = {166},
 PUBLISHER = {Princeton University Press, Princeton, NJ},
      YEAR = {2007},
     PAGES = {vi+208},
      ISBN = {978-0-691-12923-5; 0-691-12923-1},
   MRCLASS = {14E15 (32S45)},
  MRNUMBER = {2289519},
MRREVIEWER = {Dan Abramovich},
}

@article {Lipman_rat,
    AUTHOR = {Lipman, Joseph},
     TITLE = {Rational singularities, with applications to algebraic
              surfaces and unique factorization},
     SHORTHAND = {Lipman\_rat},
   JOURNAL = {Inst. Hautes \'Etudes Sci. Publ. Math.},
  FJOURNAL = {Institut des Hautes \'Etudes Scientifiques. Publications
              Math\'ematiques},
    NUMBER = {36},
      YEAR = {1969},
     PAGES = {195--279},
      ISSN = {0073-8301},
   MRCLASS = {14.18},
  MRNUMBER = {0276239},
MRREVIEWER = {A. Mattuck},
       URL = {http://www.numdam.org/item?id=PMIHES_1969__36__195_0},
}

@article {Artin_contraction,
    AUTHOR = {Artin, Michael},
    SHORTHAND = {Artin\_contraction},
     TITLE = {Some numerical criteria for contractability of curves on
              algebraic surfaces},
   JOURNAL = {Amer. J. Math.},
  FJOURNAL = {American Journal of Mathematics},
    VOLUME = {84},
      YEAR = {1962},
     PAGES = {485--496},
      ISSN = {0002-9327},
   MRCLASS = {14.18 (14.20)},
  MRNUMBER = {0146182},
MRREVIEWER = {M. Rosenlicht},
       DOI = {10.2307/2372985},
       URL = {http://dx.doi.org/10.2307/2372985},
}

@book {Hartshorne,
    AUTHOR = {Hartshorne, Robin},
     TITLE = {Algebraic geometry},
     SHORTHAND = {Hartshorne},
      NOTE = {Graduate Texts in Mathematics, No. 52},
 PUBLISHER = {Springer-Verlag, New York-Heidelberg},
      YEAR = 1977,
     PAGES = {xvi+496},
      ISBN = {0-387-90244-9},
   MRCLASS = {14-01},
  MRNUMBER = 0463157,
MRREVIEWER = {Robert Speiser},
}

@book {BLR,
    AUTHOR = {Bosch, Siegfried and L{\"u}tkebohmert, Werner and Raynaud,
              Michel},
     TITLE = {N\'eron models},
     SHORTHAND = {BLR},
    SERIES = {Ergebnisse der Mathematik und ihrer Grenzgebiete (3) [Results
              in Mathematics and Related Areas (3)]},
    VOLUME = 21,
 PUBLISHER = {Springer-Verlag},
   ADDRESS = {Berlin},
      YEAR = 1990,
     PAGES = {x+325},
   MRCLASS = {14K15 (11G10 14L15)},
  MRNUMBER = {MR1045822 (91i:14034)},
MRREVIEWER = {James Milne},
}

@book {Mumford,
    AUTHOR = {Mumford, David},
     TITLE = {Abelian varieties},
     SHORTHAND = {Mumford},
    SERIES = {Tata Institute of Fundamental Research Studies in Mathematics},
    VOLUME = {5},
      NOTE = {With appendices by C. P. Ramanujam and Yuri Manin,
              Corrected reprint of the second (1974) edition},
 PUBLISHER = {Published for the Tata Institute of Fundamental Research,
              Bombay},
      YEAR = {2008},
     PAGES = {xii+263},
   MRCLASS = {14Kxx},
  MRNUMBER = {2514037 (2010e:14040)},
}



@MISC{Conrad_models,
    author = {Brian Conrad},
    title = {Minimal models for elliptic curves},
    SHORTHAND = {Conrad\_models},
      url = {math.stanford.edu/~conrad/papers/minimalmodel.pdf},
    year = {}
}

@preamble{
   "\def\cprime{$'$} "
}

@book {Silverman,
    AUTHOR = {Silverman, Joseph H.},
     TITLE = {The arithmetic of elliptic curves},
     SHORTHAND = {Silverman},
    SERIES = {Graduate Texts in Mathematics},
    VOLUME = 106,
   EDITION = {Second},
 PUBLISHER = {Springer, Dordrecht},
      YEAR = 2009,
     PAGES = {xx+513},
   MRCLASS = {11-02 (11G05 11G20 14H52 14K15)},
  MRNUMBER = 2514094,
MRREVIEWER = {Vasil{\cprime} {\=I}. Andr{\={\i}}{\u\i}chuk},
       DOI = {10.1007/978-0-387-09494-6},
       URL = {http://dx.doi.org/10.1007/978-0-387-09494-6},
}

@book {Silverman_adv,
    AUTHOR = {Silverman, Joseph H.},
     TITLE = {Advanced topics in the arithmetic of elliptic curves},
     SHORTHAND = {Silverman\_adv},
    SERIES = {Graduate Texts in Mathematics},
    VOLUME = 151,
 PUBLISHER = {Springer-Verlag, New York},
      YEAR = 1994,
     PAGES = {xiv+525},
   MRCLASS = {11G05 (11G07 11G15 11G40 14H52)},
  MRNUMBER = 1312368,
MRREVIEWER = {Henri Darmon},
       DOI = {10.1007/978-1-4612-0851-8},
       URL = {http://dx.doi.org/10.1007/978-1-4612-0851-8},
}


@ARTICLE{Conrad_image_trace,
  author = {Conrad, Brian},
  title = {Chow's {$K/k$}-image and {$K/k$}-trace, and the {L}ang-{N}\'eron
	theorem},
  SHORTHAND = {Conrad\_trace},	
  journal = {Enseign. Math. (2)},
  year = {2006},
  volume = {52},
  pages = {37--108},
  number = {1-2},
  coden = {ENMAAR},
  fjournal = {L'Enseignement Math\'ematique. Revue Internationale. IIe S\'erie},
  issn = {0013-8584},
  mrclass = {14K05 (11G10 11G50)},
  mrnumber = {2255529 (2007e:14068)},
  mrreviewer = {Alessandra Bertapelle}
}

@ARTICLE{Conrad_Chevalley,
  author = {Conrad, Brian},
  title = {A modern proof of {C}hevalley's theorem on algebraic groups},
  journal = {J. Ramanujan Math. Soc.},
  year = {2002},
  volume = {17},
  pages = {1--18},
  number = {1},
  fjournal = {Journal of the Ramanujan Mathematical Society},
  issn = {0970-1249},
  mrclass = {20G15 (11H99 14K05 14L15)},
  mrnumber = {1906417 (2003f:20078)},
  mrreviewer = {James E. Humphreys}
}

@BOOK{Pseudo_red,
  title = {Pseudo-reductive groups},
  publisher = {Cambridge University Press},
  year = {2010},
  author = {Conrad, Brian and Gabber, Ofer and Prasad, Gopal},
  volume = {17},
  pages = {xx+533},
  series = {New Mathematical Monographs},
  address = {Cambridge},
  doi = {10.1017/CBO9780511661143},
  isbn = {978-0-521-19560-7},
  mrclass = {20G15 (14L15)},
  mrnumber = {2723571 (2011k:20093)},
  mrreviewer = {Bertrand R{\'e}my},
  url = {http://dx.doi.org/10.1017/CBO9780511661143}
}

