simon@org-simonpl.2240:1443338603