@article{BdS,
   AUTHOR = {Pepin Lehalleur, Simon},
   TITLE = {Subgroups of maximal rank of reductive groups},
   JOURNAL = "{Panoramas et Synth\`eses (SMF), to appear. }",
}
   
@article {AHPL,
    AUTHOR = {Ancona, Giuseppe and Huber, Annette and Pepin Lehalleur, Simon},
     TITLE = {On the relative motive of a commutative group scheme },
   JOURNAL = {Algebraic Geometry, to appear.},
     URL   = {http://arxiv.org/abs/1409.3401},
      YEAR = {2014},
}

@unpublished{1mot,
   AUTHOR = {Pepin Lehalleur, Simon},
   TITLE = {A motivic t-structure for relative 1-motives},
}   